@online{ml_dbscan_ds,
  author = {DataScientest},
  title = {Machine Learning & Clustering: el algoritmo DBSCAN},
  year = 2022,
  url = {https://datascientest.com/es/machine-learning-clustering-dbscan},
  urldate = {2022-11-30}
}
@online{datacamp,
  author = {DataCamp},
  title = {Guía del algoritmo de agrupación DBSCAN},
  year = 2025,
  url = {https://www.datacamp.com/es/tutorial/dbscan-clustering-algorithm},
  urldate = {2025-02-14}
}
@online{scikitlearn_clustering,
  author = {Scikit-Learn},
  title = {Clustering},
  url = {https://scikit-learn.org/stable/modules/clustering.html},
}
@online{silhoutte,
  author = {Rodríguez, D},
  title = {Número óptimo de clústeres con Silhouette e implementación en Python},
  year = 2023,
  url = {https://www.analyticslane.com/2023/06/23/numero-optimo-de-clusteres-con-silhouette-e-implementacion-en-python/},
  urldate = {2023-06-23}
}
@online{Davies_Bouldinen,
  author = {Rodríguez, D},
  title = { El índice de Davies-Bouldinen para estimar los clústeres en k-means e implementación en Python.},
  year = 2023,
  url = {https://www.analyticslane.com/2023/06/30/el-indice-de-davies-bouldinen-para-estimar-los-clusteres-en-k-means-e-implementacion-en-python/},
  urldate = {2023-06-30}
}
@article{candofacultad,
  title={FACULTAD INGENIER{\'I}A MAESTR{\'I}A EN SISTEMAS DE INFORMACI{\'O}N MENCI{\'O}N CIENCIA DE DATOS},
  author={CANDO, JUAN GABRIEL GOYO}
}
@online{ciencia_datos_net,
  author = {Rodrigo, J. A.},
  title = {Regresión lineal con Python.},
  url = {https://cienciadedatos.net/documentos/py10-regresion-lineal-python}
}
@online{datacamp_LR,
  author = {DataCamp},
  title = {Regresión lineal en Python: Tu guía para la modelización predictiva},
  year = 2025,
  url = {https://www.datacamp.com/es/tutorial/linear-regression-in-python},
  urldate = {2025-03-12}
}
@online{coef_determinacion,
  author = {Gowtham, S. R.},
  title = {5 regression metrics explained in just 5mins.},
  year = 2022,
  url = {https://pub.towardsai.net/regression-metrics-6690815bb51f},
  urldate = {2022-10-21}
}
@online{mae_datacamp,
  author = {Josef Waples},
  title = {Error absoluto medio explicado: Medición de la precisión del modelo},
  year = 2025,
  url = {https://www.datacamp.com/es/tutorial/mean-absolute-error},
  urldate = {2025-08-08}
}
@online{rmse_datacamp,
  author = {Elena Kosourova},
  title = {Explicación del RMSE: Guía para la precisión de la predicción de regresión},
  year = 2025,
  url = {https://www.datacamp.com/es/tutorial/rmse},
  urldate = {2025-06-19}
}